<?xml version="1.0" encoding="UTF-8"?><record xmlns="http://www.loc.gov/MARC21/slim" xmlns:cinclude="http://apache.org/cocoon/include/1.0" xmlns:zs="http://www.loc.gov/zing/srw/">
  <leader>01367nz  a2200253n  4500</leader>
  <controlfield tag="001">no2013040843</controlfield>
  <controlfield tag="003">DLC</controlfield>
  <controlfield tag="005">20130417075334.0</controlfield>
  <controlfield tag="008">130415n| azannaabn          |b aaa     c</controlfield>
  <datafield tag="010" ind1=" " ind2=" ">
    <subfield code="a">no2013040843</subfield>
  </datafield>
  <datafield tag="035" ind1=" " ind2=" ">
    <subfield code="a">(OCoLC)oca09450990</subfield>
  </datafield>
  <datafield tag="040" ind1=" " ind2=" ">
    <subfield code="a">CtY-N</subfield>
    <subfield code="b">eng</subfield>
    <subfield code="e">rda</subfield>
    <subfield code="c">CtY-N</subfield>
  </datafield>
  <datafield tag="100" ind1="1" ind2=" ">
    <subfield code="a">Mawṣilī, Saḥar al-Ḥaffār</subfield>
  </datafield>
  <datafield tag="370" ind1=" " ind2=" ">
    <subfield code="a">Damascus, Syria</subfield>
    <subfield code="c">Syria</subfield>
  </datafield>
  <datafield tag="372" ind1=" " ind2=" ">
    <subfield code="a">Simultaneous interpreting</subfield>
    <subfield code="a">Translating and interpreting</subfield>
    <subfield code="2">lcsh</subfield>
  </datafield>
  <datafield tag="373" ind1=" " ind2=" ">
    <subfield code="a">Jāmiʻat Dimashq</subfield>
    <subfield code="a">George Washington University</subfield>
    <subfield code="a">Sharikat ʻAbra al-Khalīj lil-Istishārāt al-Idārīyah</subfield>
  </datafield>
  <datafield tag="374" ind1=" " ind2=" ">
    <subfield code="a">Translators</subfield>
    <subfield code="a">Translating services</subfield>
    <subfield code="2">lcsh</subfield>
  </datafield>
  <datafield tag="375" ind1=" " ind2=" ">
    <subfield code="a">female</subfield>
  </datafield>
  <datafield tag="377" ind1=" " ind2=" ">
    <subfield code="a">ara</subfield>
    <subfield code="a">eng</subfield>
  </datafield>
  <datafield tag="400" ind1="1" ind2=" ">
    <subfield code="a">موصلي، سحر الحفار</subfield>
  </datafield>
  <datafield tag="400" ind1="1" ind2=" ">
    <subfield code="a">Mūṣallī, Saḥar al-Ḥaffār</subfield>
  </datafield>
  <datafield tag="400" ind1="1" ind2=" ">
    <subfield code="a">Mūṣilī, Saḥar al-Ḥaffār</subfield>
  </datafield>
  <datafield tag="667" ind1=" " ind2=" ">
    <subfield code="a">Non-Latin script reference not evaluated.</subfield>
  </datafield>
  <datafield tag="670" ind1=" " ind2=" ">
    <subfield code="a">Mawṣilī, Saḥar al-Ḥaffār. Ahlan bikum fī al-ghad, 2010:</subfield>
    <subfield code="b">cover (سحر الحفار الموصلي = Saḥar al-Ḥaffār al-Mawṣilī) page 133 (b. in Damascus, Syria; ijāzah from Jāmiʻat Dimashq (English literature), degree in simultaneous translation from the United Kingdom, master's degree in international relations from George Washington University; founder of Sharikat ʻAbra al-Khalīj lil-Istishārāt al-Idārīyah in the United Arab Emirates, 1997)</subfield>
  </datafield>
</record>